<?xml version="1.0" encoding="UTF-8"?><collection xmlns="http://www.loc.gov/MARC21/slim"><record><leader>00368nam--2200145-i-4500</leader><controlfield tag="001">000016008</controlfield><controlfield tag="002">20161230</controlfield><controlfield tag="005">20161230201031</controlfield><controlfield tag="008">060222s1000------------r-----000-0-eng-d</controlfield><datafield ind1=" " ind2=" " tag="080"><subfield code="a">530.145.6</subfield></datafield><datafield ind1=" " ind2=" " tag="100"><subfield code="a">Barriol, J</subfield></datafield><datafield ind1=" " ind2=" " tag="245"><subfield code="a">Elements de mecanique quantique</subfield></datafield><datafield ind1=" " ind2=" " tag="260"><subfield code="a">Paris, Masson Et C-ie, 1966 369 P</subfield></datafield><datafield ind1=" " ind2=" " tag="490"><subfield code="a">Collection De Chimie-physique</subfield></datafield><datafield ind1=" " ind2=" " tag="852"><subfield code="a">76602</subfield></datafield></record></collection>